@book{testt,
  title="More Math Into LaTeX",
  author="Dr.Behnam Amiri",
  isbn="9780387688527",
  lccn="2007923503",
  url="https://books.google.com/books?id=6WTZ0Rpiwp8C",
  year="2007",
  publisher="Springer New York"
}
